<?xml version="1.0" encoding="UTF-8" ?>
<collection xmlns:xsi="http://www.w3.org/2001/XMLSchema-instance"
    xsi:schemaLocation="http://www.loc.gov/MARC21/slim
        http://www.loc.gov/standards/marcxml/schema/MARC21slim.xsd"
    xmlns="http://www.loc.gov/MARC21/slim">
<record>
  <leader>00257cam a2200493 i 4500</leader>
  <controlfield tag="001">b12784898</controlfield>
  <controlfield tag="003">LeBAU</controlfield>
  <controlfield tag="005">20131125</controlfield>
  <controlfield tag="008">971203s1900    le       b    000 0 ara d</controlfield>
  <datafield tag="035" ind1=" " ind2=" ">
    <subfield code="a">ocn784513225</subfield>
  </datafield>
  <datafield tag="040" ind1=" " ind2=" ">
    <subfield code="a">LEAUB</subfield>
    <subfield code="b">ara</subfield>
    <subfield code="e">rda</subfield>
    <subfield code="c">LEAUB</subfield>
    <subfield code="d">LEAUB</subfield>
  </datafield>
  <datafield tag="041" ind1="1" ind2=" ">
    <subfield code="a">ara</subfield>
    <subfield code="h">lat</subfield>
  </datafield>
  <datafield tag="082" ind1="0" ind2="4">
    <subfield code="a">281.5</subfield>
    <subfield code="2">22</subfield>
  </datafield>
  <datafield tag="110" ind1="2" ind2=" ">
    <subfield code="6">880-01</subfield>
    <subfield code="a">Kanīsah al-Kāthūlīkīyah.</subfield>
    <subfield code="b">Baṭrīyarkīyat Anṭākiyah al-Mārūnīyah (Syria)</subfield>
    <subfield code="e">issuing body.</subfield>
  </datafield>
  <datafield tag="245" ind1="1" ind2="0">
    <subfield code="6">880-02</subfield>
    <subfield code="a">al-Majmaʻ al-iqlīmī alladhī ʻaqadahu fī Jabal Lubnān al-sayyid al-sāmī al-Iḥtirām Baṭriyark ṭāʼifat al-Siryān al-Mawārinah al-Anṭākī wa-ruʼasāʼ asāqifatihā wa-asāqifatihā wa-aklīrisuhā al-ʻālamī wa-al-qānūnī bi-muʼāzat al-Sayyid al-Fāʼiq al-Iḥtirām Yūsuf Samʻān al-Samʻānī qāṣid al-kursī al-rasūlī fī al-thalāthīn min Aylūl wa-al-awwal wa-al-thānī min Tishrīn al-Awwal sanat 1726 li-ʻahd al-Ḥibr al-Aʻẓam Aklīmint al-Thānī ʻAshar ; tarjamahu ʻan al-nuskhah al-Lātīnīyah al-maṭbūʻah fī Rūmiyah bi-Maṭbaʻat al-Īmān al-Muqaddas sanat 1820 al-Muṭrān Yūsuf Najm, muṭrān ‘Akkā al-nā’ib al-baṭriyarkī.</subfield>
    <subfield code="c">ترجمه عن النسخة اللاتينية المطبوعة في رومية بمطبعة إنتشار الإيمان المقدس سنة 1820 المطران يوسف نجم، مطران عكا النائب البطريركي.</subfield>
  </datafield>
  <datafield tag="264" ind1=" " ind2="1">
    <subfield code="6">880-03</subfield>
    <subfield code="a">Jūniyah, Lubnān :</subfield>
    <subfield code="b">Maṭba‘at al-Arz,</subfield>
    <subfield code="c">1900.</subfield>
  </datafield>
  <datafield tag="300" ind1=" " ind2=" ">
    <subfield code="6">880-04</subfield>
    <subfield code="a">562, 218 pages ;</subfield>
    <subfield code="c">25 cm</subfield>
  </datafield>
  <datafield tag="336" ind1=" " ind2=" ">
    <subfield code="a">text</subfield>
    <subfield code="b">txt</subfield>
    <subfield code="2">rdacontent</subfield>
  </datafield>
  <datafield tag="337" ind1=" " ind2=" ">
    <subfield code="a">unmediated</subfield>
    <subfield code="b">n</subfield>
    <subfield code="2">rdamedia</subfield>
  </datafield>
  <datafield tag="338" ind1=" " ind2=" ">
    <subfield code="a">volume</subfield>
    <subfield code="b">nc</subfield>
    <subfield code="2">rdacarrier</subfield>
  </datafield>
  <datafield tag="500" ind1=" " ind2=" ">
    <subfield code="a">على الصفحة التي تسبق صفحة العنوان: المجمع اللبناني.</subfield>
  </datafield>
  <datafield tag="500" ind1=" " ind2=" ">
    <subfield code="a">مترجم عن اللاتينية.</subfield>
  </datafield>
  <datafield tag="500" ind1=" " ind2=" ">
    <subfield code="a">في آخر الكتاب: ذيل للمجمع اللبناني.</subfield>
  </datafield>
  <datafield tag="504" ind1=" " ind2=" ">
    <subfield code="a">يتضمن مراجع ببليوغرافية.</subfield>
  </datafield>
  <datafield tag="610" ind1="2" ind2="4">
    <subfield code="a">الكنيسة الكاثوليكية.</subfield>
    <subfield code="b">بطريركية أنطاكية المارونية (سوريا)</subfield>
  </datafield>
  <datafield tag="610" ind1="2" ind2="4">
    <subfield code="a">الكنيسة الكاثوليكية</subfield>
    <subfield code="x">الطقوس المارونية.</subfield>
  </datafield>
  <datafield tag="610" ind1="2" ind2="0">
    <subfield code="a">Catholic Church.</subfield>
    <subfield code="b">Maronite Patriarchate of Antioch (Syria)</subfield>
  </datafield>
  <datafield tag="610" ind1="2" ind2="0">
    <subfield code="a">Catholic Church</subfield>
    <subfield code="x">Maronite rites.</subfield>
  </datafield>
  <datafield tag="650" ind1=" " ind2="4">
    <subfield code="a">الموارنة.</subfield>
  </datafield>
  <datafield tag="650" ind1=" " ind2="0">
    <subfield code="a">Maronites.</subfield>
  </datafield>
  <datafield tag="700" ind1="1" ind2=" ">
    <subfield code="6">880-05</subfield>
    <subfield code="a">Najm, Yūsuf,</subfield>
    <subfield code="e">translator.</subfield>
  </datafield>
  <datafield tag="740" ind1="0" ind2="2">
    <subfield code="6">880-06</subfield>
    <subfield code="a">Dhayl lil-Majma‘ Lubnānī.</subfield>
  </datafield>
  <datafield tag="852" ind1=" " ind2=" ">
    <subfield code="a">Jafet Archives and Special Collections</subfield>
    <subfield code="e">American University of Beirut, Bliss Street , Beirut, Lebanon.</subfield>
  </datafield>
  <datafield tag="880" ind1="2" ind2=" ">
    <subfield code="6">110-01/(3/r</subfield>
    <subfield code="a">الكنيسة الكاثوليكية.</subfield>
    <subfield code="b">بطريركية أنطاكية المارونية (سوريا)</subfield>
    <subfield code="e">هيئة إصداء. </subfield>
    <subfield code="4">isb.</subfield>
  </datafield>
  <datafield tag="880" ind1="1" ind2="0">
    <subfield code="6">245-02/(3/r</subfield>
    <subfield code="a">المجمع الإقليمي الذي عقده في جبل لبنان السيد السامي الإحترام بطريرك طائفة السريان الموارنة الأنطاكي ورؤساء أساقفتها وأساقفتها وأكليرسها العالمي و القانوني بموازة السيد الفائق الإحترام يوسف سمعان السمعاني قاصد الكرسي الرسولي في الثلاثين من أيلول و الأول و الثاني من تشرين الأول سنة 1726 لعهد الحبر الأعظم أكليمنت الثاني عشر /</subfield>
  </datafield>
  <datafield tag="880" ind1=" " ind2="1">
    <subfield code="6">264-03/(3/r</subfield>
    <subfield code="a">جونية، لبنان :</subfield>
    <subfield code="b">مطبعة الأرز،</subfield>
    <subfield code="c">1900.</subfield>
  </datafield>
  <datafield tag="880" ind1=" " ind2=" ">
    <subfield code="6">300-04/(3/r</subfield>
    <subfield code="a">562، 218 صفحة ؛</subfield>
    <subfield code="c">25 سم</subfield>
  </datafield>
  <datafield tag="880" ind1="1" ind2=" ">
    <subfield code="6">700-05/(3/r</subfield>
    <subfield code="a">نجم، يوسف،</subfield>
    <subfield code="e">مترجم. </subfield>
    <subfield code="4">trl.</subfield>
  </datafield>
  <datafield tag="880" ind1="0" ind2="2">
    <subfield code="6">740-06/(3/r</subfield>
    <subfield code="a">ذيل للمجمع اللبناني.</subfield>
  </datafield>
  <datafield tag="907" ind1=" " ind2=" ">
    <subfield code="a">.b12784898</subfield>
    <subfield code="b">16-03-23</subfield>
    <subfield code="c">11-05-24</subfield>
  </datafield>
  <datafield tag="907" ind1=" " ind2=" ">
    <subfield code="a">.b12784898</subfield>
    <subfield code="b">11-10-11</subfield>
    <subfield code="c">11-05-24</subfield>
  </datafield>
  <datafield tag="945" ind1=" " ind2=" ">
    <subfield code="f">CA</subfield>
    <subfield code="a">281.5:M23kaA:c.1</subfield>
    <subfield code="g">1</subfield>
    <subfield code="i">01070727</subfield>
    <subfield code="j">.i13376895</subfield>
    <subfield code="l">u0304</subfield>
  </datafield>
  <datafield tag="998" ind1=" " ind2=" ">
    <subfield code="a">u03</subfield>
    <subfield code="b">97-12-03</subfield>
    <subfield code="c">m</subfield>
    <subfield code="d">a</subfield>
    <subfield code="e">-</subfield>
    <subfield code="f">ara</subfield>
    <subfield code="g">le </subfield>
    <subfield code="h">0</subfield>
    <subfield code="i">1</subfield>
  </datafield>
</record>
</collection>
